<?xml version="1.0" encoding="UTF-8"?><collection xmlns="http://www.loc.gov/MARC21/slim"><record><leader>00562nam--2200205-u-4500</leader><controlfield tag="001">000052054</controlfield><controlfield tag="002">20161230</controlfield><controlfield tag="005">20161230201049</controlfield><controlfield tag="008">090610s1000------------r-----000-0-eng-d</controlfield><datafield ind1=" " ind2=" " tag="020"><subfield code="a">0-7503-0531-2</subfield></datafield><datafield ind1=" " ind2=" " tag="040"><subfield code="a">IFIN-HH</subfield></datafield><datafield ind1=" " ind2=" " tag="080"><subfield code="a">517.91</subfield></datafield><datafield ind1="1" ind2=" " tag="100"><subfield code="a">Dresner, Lawrence</subfield></datafield><datafield ind1="1" ind2=" " tag="245"><subfield code="a">Applications of Lie's Theory of Ordinary and Partial Differential Equations</subfield></datafield><datafield ind1=" " ind2=" " tag="260"><subfield code="a">Bristol</subfield><subfield code="c">1999</subfield></datafield><datafield ind1=" " ind2=" " tag="300"><subfield code="a">225 p</subfield></datafield><datafield ind1=" " ind2=" " tag="504"><subfield code="a">Includes Bibliographical References and Index</subfield></datafield><datafield ind1=" " ind2="4" tag="650"><subfield code="a">Lie's Theory</subfield></datafield><datafield ind1=" " ind2=" " tag="852"><subfield code="a">81404</subfield><subfield code="c">517.9</subfield></datafield><datafield ind1=" " ind2=" " tag="CAT"><subfield code="a">Sys</subfield><subfield code="c">20090610</subfield><subfield code="h">112938</subfield></datafield></record></collection>